@incollection{lalmas2011aggregated,
  title={Aggregated search},
  author={Lalmas, Mounia},
  booktitle={Advanced Topics in Information Retrieval},
  pages={109--123},
  year={2011},
  publisher={Springer}
}
